<record><leader>00000cas a2200000 a 4500</leader><controlfield tag="001">8821622</controlfield><controlfield tag="008">820930d18171832kyuwr ne      0   a0eng  </controlfield><datafield ind1=" " ind2=" " tag="010"><subfield code="a">sn 82015468 </subfield></datafield><datafield ind1=" " ind2=" " tag="040"><subfield code="a">DLC</subfield><subfield code="b">eng</subfield><subfield code="c">DLC</subfield><subfield code="d">NPV</subfield><subfield code="d">DLC</subfield><subfield code="d">NPX</subfield><subfield code="d">PPM</subfield><subfield code="d">KNP</subfield><subfield code="d">DLC</subfield><subfield code="d">KNP</subfield><subfield code="d">CNK</subfield><subfield code="d">MGN</subfield><subfield code="d">CNK</subfield><subfield code="d">CVF</subfield><subfield code="d">CGU</subfield><subfield code="d">OCLCO</subfield><subfield code="d">OCLCQ</subfield><subfield code="d">OCLCF</subfield><subfield code="d">CUS</subfield></datafield><datafield ind1=" " ind2=" " tag="019"><subfield code="a">191707018</subfield></datafield><datafield ind1=" " ind2=" " tag="042"><subfield code="a">pcc</subfield></datafield><datafield ind1=" " ind2=" " tag="043"><subfield code="a">n-us-ky</subfield></datafield><datafield ind1=" " ind2=" " tag="045"><subfield code="a">w1w3</subfield></datafield><datafield ind1=" " ind2="4" tag="050"><subfield code="a">AN</subfield></datafield><datafield ind1="0" ind2="0" tag="050"><subfield code="a">Newspaper 7889</subfield></datafield><datafield ind1=" " ind2=" " tag="052"><subfield code="a">3953</subfield><subfield code="b">F7</subfield></datafield><datafield ind1="0" ind2=" " tag="130"><subfield code="a">Commentator (Frankfort, Ky.)</subfield></datafield><datafield ind1="1" ind2="4" tag="245"><subfield code="a">The commentator.</subfield></datafield><datafield ind1="1" ind2="3" tag="246"><subfield code="a">Commentator and constitutional advocate</subfield><subfield code="f">&lt;1826&gt;</subfield></datafield><datafield ind1=" " ind2=" " tag="260"><subfield code="a">Frankfort, Ky. :</subfield><subfield code="b">Moses O. Bledsoe</subfield></datafield><datafield ind1=" " ind2=" " tag="300"><subfield code="a">volumes ;</subfield><subfield code="c">68 cm.</subfield></datafield><datafield ind1=" " ind2=" " tag="310"><subfield code="a">Weekly</subfield></datafield><datafield ind1=" " ind2=" " tag="336"><subfield code="a">text</subfield><subfield code="b">txt</subfield><subfield code="2">rdacontent</subfield></datafield><datafield ind1=" " ind2=" " tag="337"><subfield code="a">unmediated</subfield><subfield code="b">n</subfield><subfield code="2">rdamedia</subfield></datafield><datafield ind1=" " ind2=" " tag="338"><subfield code="a">volume</subfield><subfield code="b">nc</subfield><subfield code="2">rdacarrier</subfield></datafield><datafield ind1="1" ind2=" " tag="362"><subfield code="a">Began Jan. 3, 1817; ceased with Apr. 24, 1832?</subfield></datafield><datafield ind1=" " ind2=" " tag="500"><subfield code="a">Published semiweekly during sessions of the legislature, 1826-1832.</subfield></datafield><datafield ind1=" " ind2=" " tag="588"><subfield code="a">Description based on: Vol. 1, no. 3 (Jan. 17, 1817).</subfield></datafield><datafield ind1=" " ind2="0" tag="651"><subfield code="a">Frankfort (Ky.)</subfield><subfield code="v">Newspapers.</subfield></datafield><datafield ind1=" " ind2="0" tag="651"><subfield code="a">Franklin County (Ky.)</subfield><subfield code="v">Newspapers.</subfield></datafield><datafield ind1=" " ind2="7" tag="651"><subfield code="a">Kentucky</subfield><subfield code="z">Frankfort.</subfield><subfield code="2">fast</subfield><subfield code="0">(OCoLC)fst01209804</subfield></datafield><datafield ind1=" " ind2="7" tag="651"><subfield code="a">Kentucky</subfield><subfield code="z">Franklin County.</subfield><subfield code="2">fast</subfield><subfield code="0">(OCoLC)fst01218114</subfield></datafield><datafield ind1=" " ind2="7" tag="655"><subfield code="a">Newspapers.</subfield><subfield code="2">fast</subfield><subfield code="0">(OCoLC)fst01423814</subfield></datafield><datafield ind1=" " ind2=" " tag="752"><subfield code="a">United States</subfield><subfield code="b">Kentucky</subfield><subfield code="c">Franklin</subfield><subfield code="d">Frankfort.</subfield></datafield><datafield ind1="0" ind2="5" tag="780"><subfield code="t">Constitutional advocate (Frankfort, Ky.)</subfield><subfield code="g">1826</subfield><subfield code="w">(DLC)sn 82016445</subfield><subfield code="w">(OCoLC)9337113</subfield></datafield><datafield ind1="0" ind2="7" tag="785"><subfield code="t">Kentuckian (Frankfort, Ky.)</subfield><subfield code="w">(DLC)sn 82015470</subfield><subfield code="w">(OCoLC)8821327</subfield></datafield><datafield ind1="0" ind2="7" tag="785"><subfield code="t">Kentuckian and commentator</subfield><subfield code="w">(DLC)sn 82015389</subfield><subfield code="w">(OCoLC)8807228</subfield></datafield><datafield ind1="1" ind2=" " tag="029"><subfield code="a">AU@</subfield><subfield code="b">000025831391</subfield></datafield></record>